@Book{pressman:2009,
  author = 	 {Roger S. Pressman},
  title = 	 {Engenharia de software: uma abordagem profissional},
  publisher =    {Bookman},
  address   = {Porto Alegre},
  year = 	 {2009},
  edition = 	 {6th}
}
@Book{magalhaes:2007,
  author = 	 {Ivan Luizio Magalhães and Walfrido Brito Pinheiro},
  title = 	 {Gerenciamento de serviços de TI na prática: uma abordagem com base na ITIL},
  publisher =    {Novatec},
  address   = {São Paulo},
  year = 	 {2007},
  edition = 	 {3th}
}
@Book{filho:2011,
  author = 	 {Felício Cestari Filho},
  title = 	 {ITIL v3 fundamentos },
  publisher =    {RNP/ESP},
  address   = {Rio de Janeiro},
  year = 	 {2011},
  edition = 	 {2th}
}
@Book{scremin:2015,
  author = 	    {Luís Antonio Scremin},
  title = 	    {Proposta de implantaçao de uma central de serviços alinhada as melhores práticas da ITIL},
  publisher = 	{},
  address   = {Santa Rosa},
  year = 	    {2015},
  edition = 	{1th}
}

@Book{deitel:2009,
  author = 	    {Paul Deitel and Harvey Deitel},
  title = 	    {Java como programar},
  publisher = 	{Pearson},
  year = 	    {2009},
  edition = 	{8th}
}


@Book{Elmasri:2011,
  author = 	    {Ramez Elmasri and Shamkant B. Navathe},
  title = 	    {Sistemas de banco de dados},
  publisher = 	{Pearson},
  year = 	    {2011},
  edition = 	{6th}
}

@book{pressman2011,
  author=       {Pressman, Roger and Maxim, Bruce},
  title=        {Engenharia de Software-7{\textordfeminine} Edi{\c{c}}{\~a}o},
  publisher=    {McGraw Hill Brasil},
  year=         {2011},
  edition = 	{7th}
}
